<?xml version="1.0" encoding="UTF-8"?><record xmlns="http://www.loc.gov/MARC21/slim" xmlns:cinclude="http://apache.org/cocoon/include/1.0" xmlns:zs="http://www.loc.gov/zing/srw/">
  <leader>00462nz  a2200145n  4500</leader>
  <controlfield tag="001">no 97083084 </controlfield>
  <controlfield tag="003">DLC</controlfield>
  <controlfield tag="005">19971231054604.7</controlfield>
  <controlfield tag="008">971230n| acannaab|          |n aad     c</controlfield>
  <datafield tag="010" ind1=" " ind2=" ">
    <subfield code="a">no 97083084 </subfield>
  </datafield>
  <datafield tag="035" ind1=" " ind2=" ">
    <subfield code="a">(OCoLC)oca04570285 </subfield>
  </datafield>
  <datafield tag="040" ind1=" " ind2=" ">
    <subfield code="a">OCoLC</subfield>
    <subfield code="c">OCoLC</subfield>
  </datafield>
  <datafield tag="100" ind1="1" ind2="0">
    <subfield code="a">Pixis, Johann Peter,</subfield>
    <subfield code="d">1788-1874.</subfield>
    <subfield code="t">Symphony,</subfield>
    <subfield code="n">op. 5,</subfield>
    <subfield code="r">C major</subfield>
  </datafield>
  <datafield tag="667" ind1=" " ind2=" ">
    <subfield code="a">Machine-derived authority record.</subfield>
  </datafield>
  <datafield tag="670" ind1=" " ind2=" ">
    <subfield code="a">LCCN 85-751938: Pixis, J.P. Sinfonie aĚ grand orchestre, Ĺuv 5 n 1, 18--?</subfield>
  </datafield>
</record>